<?xml version="1.0" encoding="UTF-8"?>
<record xmlns="http://www.loc.gov/MARC21/slim">
   <leader>03569cam a2200481 a 4500</leader>
   <controlfield tag="001">2842424</controlfield>
   <controlfield tag="003">NjP</controlfield>
   <controlfield tag="005">20190705145023.0</controlfield>
   <controlfield tag="008">000306s1902    ti            000 0 ara d</controlfield>
   <datafield tag="024" ind1="7" ind2=" ">
      <subfield code="a">princeton_aco004868</subfield>
      <subfield code="2">local</subfield>
   </datafield>
   <datafield ind1=" " ind2=" " tag="035">
      <subfield code="9">CNS6159TS</subfield>
   </datafield>
   <datafield ind1=" " ind2=" " tag="035">
      <subfield code="a">(NjP)2842424</subfield>
   </datafield>
   <datafield ind1=" " ind2=" " tag="040">
      <subfield code="a">NjP</subfield>
      <subfield code="c">PUL</subfield>
      <subfield code="d">PUL</subfield>
   </datafield>
   <datafield ind1=" " ind2=" " tag="049">
      <subfield code="a">PULL</subfield>
   </datafield>
   <datafield ind1=" " ind2=" " tag="035">
      <subfield code="a">(OCoLC)ocm83772315</subfield>
   </datafield>
   <datafield ind1="1" ind2=" " tag="100">
      <subfield code="6">880-01</subfield>
      <subfield code="a">Maqdīsh, Maḥmūd ibn Saʻīd,</subfield>
      <subfield code="d">1742-approximately 1818.</subfield>
      <subfield code="0">http://id.loc.gov/authorities/names/n89103140</subfield>
   </datafield>
   <datafield ind1="1" ind2="0" tag="240">
      <subfield code="6">880-02</subfield>
      <subfield code="a">Ḥāshiyah ʻalá Sharḥ al-wusṭá</subfield>
   </datafield>
   <datafield ind1="1" ind2="0" tag="245">
      <subfield code="6">880-03</subfield>
      <subfield code="a">Hādhā Ḥāshiyat al-ʻālim al-ʻallāmah wa-al-qudwah al-fahhāmah ... Abī ʻAbd Allāh al-Shaykh Maḥmūd ibn Saʻīd Maqdīsh al-Ṣafāqusī ʻalá Sharḥ al-wusṭá. Wa-bi-hāmishihā al-sharḥ al-madhkūr / lil-Imām Abī ʻAbd Allāh Muḥammad ibn Yūsuf al-Sanūsī al-Ḥusaynī al-Tilimsānī.</subfield>
   </datafield>
   <datafield ind1="3" ind2="0" tag="246">
      <subfield code="6">880-04</subfield>
      <subfield code="a">Ḥāshiyat al-ʻālim al-ʻallāmah wa-al-qudwah al-fahhāmah ... Abī ʻAbd Allāh al-Shaykh Maḥmūd ibn Saʻīd Maqdīsh al-Ṣafāqusī ʻalá Sharḥ al-wusṭá</subfield>
   </datafield>
   <datafield ind1="3" ind2="0" tag="246">
      <subfield code="6">880-05</subfield>
      <subfield code="a">Ḥāshiyat Abī ʻAbd Allāh Maḥmūd ibn Saʻīd Maqdīsh al-Ṣafāqusī ʻalá Sharḥ al-wusṭá</subfield>
   </datafield>
   <datafield ind1="1" ind2=" " tag="246">
      <subfield code="6">880-06</subfield>
      <subfield code="i">Title from cover:</subfield>
      <subfield code="a">Ḥāshiyat al-ʻallāmah Abī al-Thanā al-Shaykh Sayyidī Maḥmūd Maqdīsh ʻalá Sharḥ al-wusṭá</subfield>
   </datafield>
   <datafield ind1=" " ind2=" " tag="260">
      <subfield code="6">880-07</subfield>
      <subfield code="a">Tūnis :</subfield>
      <subfield code="b">al-Maṭbaʻah al-Ḥajarīyah,</subfield>
      <subfield code="c">1320 [1902 or 1903]</subfield>
   </datafield>
   <datafield ind1=" " ind2=" " tag="300">
      <subfield code="a">v. ;</subfield>
      <subfield code="c">27 cm.</subfield>
   </datafield>
   <datafield ind1="1" ind2="0" tag="600">
      <subfield code="6">880-08</subfield>
      <subfield code="a">Sanūsī, Muḥammad ibn Yūsuf,</subfield>
      <subfield code="d">approximately 1427-approximately 1490.</subfield>
      <subfield code="t">Sharḥ al-wusṭá.</subfield>
   </datafield>
   <datafield ind1=" " ind2="7" tag="655">
      <subfield code="a">Lithographs</subfield>
      <subfield code="z">Tunisia</subfield>
      <subfield code="y">1902</subfield>
      <subfield code="2">gmgpc</subfield>
   </datafield>
   <datafield ind1="1" ind2="2" tag="700">
      <subfield code="6">880-09</subfield>
      <subfield code="a">Sanūsī, Muḥammad ibn Yūsuf,</subfield>
      <subfield code="d">approximately 1427-approximately 1490.</subfield>
      <subfield code="t">Sharḥ al-wusṭá.</subfield>
      <subfield code="0">http://id.loc.gov/authorities/names/n84016675</subfield>
   </datafield>
   <datafield ind1="0" ind2=" " tag="740">
      <subfield code="6">880-10</subfield>
      <subfield code="a">Sharḥ al-wusṭá.</subfield>
   </datafield>
   <datafield ind1="4" ind2=" " tag="856">
      <subfield code="u">http://catalog.hathitrust.org/Record/009030618</subfield>
   </datafield>
   <datafield ind1="1" ind2=" " tag="880">
      <subfield code="6">100-01/r</subfield>
      <subfield code="a">مقديش، محمود بن سعيد،</subfield>
      <subfield code="d">1742-approximately 1818.</subfield>
   </datafield>
   <datafield ind1="1" ind2="0" tag="880">
      <subfield code="6">240-02/r</subfield>
      <subfield code="a">حاشية على شرح الوسطى</subfield>
   </datafield>
   <datafield ind1="1" ind2="0" tag="880">
      <subfield code="6">245-03/r</subfield>
      <subfield code="a">هذا حاشية العالم العلامة والقدوة الفهامة ... ابي عبد الله الشيخ محمود بن سعيد مقديش الصفاقسي على شرح الوسطى. وبهامشها الشرح المذكور / للامام ابي عبد الله محمد بن يوسف السنوسي الحسيني التلمساني.</subfield>
   </datafield>
   <datafield ind1="3" ind2="0" tag="880">
      <subfield code="6">246-04/r</subfield>
      <subfield code="a">حاشية العالم العلامة والقدوة الفهامة ... ابي عبد الله الشيخ محمود بن سعيد مقديش الصفاقسي على شرح الوسطى</subfield>
   </datafield>
   <datafield ind1="3" ind2="0" tag="880">
      <subfield code="6">246-05/r</subfield>
      <subfield code="a">حاشية ابي عبد الله محمود بن سعيد مقديش الصفاقسي على شرح الوسطى</subfield>
   </datafield>
   <datafield ind1="1" ind2=" " tag="880">
      <subfield code="6">246-06/r</subfield>
      <subfield code="i">Title from cover:</subfield>
      <subfield code="a">حاشية العلامة ابي الثنا الشيخ سيدي محمود مقديش على شرح الوسطى</subfield>
   </datafield>
   <datafield ind1=" " ind2=" " tag="880">
      <subfield code="6">260-07/r</subfield>
      <subfield code="a">تونس :</subfield>
      <subfield code="b">المطبعة الحجرية،</subfield>
      <subfield code="c">1320 [1902 or 1903]</subfield>
   </datafield>
   <datafield ind1="1" ind2="4" tag="880">
      <subfield code="6">600-08/r</subfield>
      <subfield code="a">سنوسي، محمد بن يوسف،</subfield>
      <subfield code="d">approximately 1427-approximately 1490.</subfield>
      <subfield code="t">شرح الوسطى.</subfield>
   </datafield>
   <datafield ind1="1" ind2="2" tag="880">
      <subfield code="6">700-09/r</subfield>
      <subfield code="a">سنوسي، محمد بن يوسف،</subfield>
      <subfield code="d">approximately 1427-approximately 1490.</subfield>
      <subfield code="t">شرح الوسطى.</subfield>
   </datafield>
   <datafield ind1="0" ind2=" " tag="880">
      <subfield code="6">740-10/r</subfield>
      <subfield code="a">شرح الوسطى.</subfield>
   </datafield>
   <datafield ind1="4" ind2=" " tag="856">
      <subfield code="u">http://hdl.handle.net/2027/njp.32101076391562</subfield>
      <subfield code="v">3 juz 1</subfield>
   </datafield>
   <datafield ind1=" " ind2=" " tag="948">
      <subfield code="a">jeb</subfield>
   </datafield>
   <datafield ind1=" " ind2=" " tag="911">
      <subfield code="a">20000306</subfield>
   </datafield>
   <datafield ind1=" " ind2=" " tag="912">
      <subfield code="a">20000306041800.0</subfield>
   </datafield>
   <datafield ind1=" " ind2=" " tag="994">
      <subfield code="a">C0</subfield>
      <subfield code="b">PUL</subfield>
   </datafield>
   <datafield ind1=" " ind2=" " tag="999">
      <subfield code="a">2842424</subfield>
   </datafield>
   <datafield ind1=" " ind2=" " tag="979">
      <subfield code="a">(OCoLC)ocn178201007</subfield>
   </datafield>
   <datafield ind1="8" ind2="1" tag="852">
      <subfield code="0">3155139</subfield>
      <subfield code="b">rcppa</subfield>
      <subfield code="t">1</subfield>
      <subfield code="h">2274.823.803 1902</subfield>
      <subfield code="x">tr fr f</subfield>
   </datafield>
   <datafield ind1=" " ind2="0" tag="866">
      <subfield code="0">3155139</subfield>
      <subfield code="a">1</subfield>
   </datafield>
   <datafield ind1=" " ind2="0" tag="866">
      <subfield code="0">3155139</subfield>
      <subfield code="x">DESIGNATOR: juzʾ</subfield>
   </datafield>
   <datafield ind1="8" ind2=" " tag="852">
      <subfield code="0">8753348</subfield>
      <subfield code="b">elf1</subfield>
      <subfield code="h">Electronic Resource</subfield>
   </datafield>
   <datafield ind1=" " ind2=" " tag="959">
      <subfield code="a">2000-06-08 00:00:00 -0400</subfield>
   </datafield>
</record>
